% Bibliography for MICCAI 2025 Surgical Action Prediction Paper

@article{nwoye2021cholect50,
  title={CholecT50: An action triplet recognition dataset for laparoscopic surgery},
  author={Nwoye, Chinedu Innocent and Gonzalez, Cristians and Yu, Tong and Mascagni, Pietro and Mutter, Didier and Marescaux, Jacques and Padoy, Nicolas},
  journal={Medical image analysis},
  volume={73},
  pages={102156},
  year={2021},
  publisher={Elsevier}
}

@inproceedings{nwoye2020recognition,
  title={Recognition of instrument-tissue interactions in endoscopic videos via action triplets},
  author={Nwoye, Chinedu Innocent and Yu, Tong and Gonzalez, Cristians and Seeliger, Barbara and Mascagni, Pietro and Mutter, Didier and Marescaux, Jacques and Padoy, Nicolas},
  booktitle={International conference on medical image computing and computer-assisted intervention},
  pages={364--374},
  year={2020},
  organization={Springer}
}

@inproceedings{czempiel2020tecno,
  title={TeCNO: Surgical phase recognition with multi-stage temporal convolutional networks},
  author={Czempiel, Tobias and Paschali, Magdalini and Keicher, Matthias and Simson, Walter and Feussner, Hubertus and Kim, Seong Tae and Navab, Nassir},
  booktitle={International Conference on Medical Image Computing and Computer-Assisted Intervention},
  pages={343--352},
  year={2020},
  organization={Springer}
}

@article{maier2017surgical,
  title={Surgical data science for next-generation interventions},
  author={Maier-Hein, Lena and Vedula, S Swaroop and Speidel, Stefanie and Navab, Nassir and Kikinis, Ron and Park, Adrian and Eisenmann, Matthias and Feussner, Hubertus and Forestier, Germain and Giannarou, Stamatia and others},
  journal={Nature biomedical engineering},
  volume={1},
  number={9},
  pages={691--696},
  year={2017},
  publisher={Nature Publishing Group}
}

@inproceedings{jin2017tool,
  title={Tool detection and operative skill assessment in surgical videos using region-based convolutional neural networks},
  author={Jin, Amy and Yeung, Serena and Jopling, Jeffrey and Krause, Jonathan and Azagury, Dan and Milstein, Arnold and Fei-Fei, Li},
  booktitle={2018 IEEE winter conference on applications of computer vision (WACV)},
  pages={691--699},
  year={2018},
  organization={IEEE}
}

@inproceedings{vaswani2017attention,
  title={Attention is all you need},
  author={Vaswani, Ashish and Shazeer, Noam and Parmar, Niki and Uszkoreit, Jakob and Jones, Llion and Gomez, Aidan N and Kaiser, {\L}ukasz and Polosukhin, Illia},
  booktitle={Advances in neural information processing systems},
  pages={5998--6008},
  year={2017}
}

@article{pomponio2021uncertainty,
  title={Uncertainty quantification for deep learning-based object detection: A survey},
  author={Pomponio, Robert and Eaton-Rosen, Zach and Nelson, Arjun and Antoniou, Georgios and Rowland, Elijah and Kor, Derek and Neves, Ivana and Janatka, Mirek and Solicari, Giuseppe and Kunz, Manfred and others},
  journal={arXiv preprint arXiv:2006.15993},
  year={2021}
}

@inproceedings{ramesh2022surgical,
  title={Surgical action anticipation with transformers and self-supervised learning},
  author={Ramesh, Sharan and Dall'Alba, Diego and Gonzalez, Cristians and Yu, Tong and Mascagni, Pietro and Mutter, Didier and Marescaux, Jacques and Fiorini, Paolo and Padoy, Nicolas},
  booktitle={International Conference on Information Processing in Computer-Assisted Interventions},
  pages={111--120},
  year={2022},
  organization={Springer}
}

@article{schulman2017proximal,
  title={Proximal policy optimization algorithms},
  author={Schulman, John and Wolski, Filip and Dhariwal, Prafulla and Radford, Alec and Klimov, Oleg},
  journal={arXiv preprint arXiv:1707.06347},
  year={2017}
}

@inproceedings{haarnoja2018soft,
  title={Soft actor-critic: Off-policy maximum entropy deep reinforcement learning with a stochastic actor},
  author={Haarnoja, Tuomas and Zhou, Aurick and Abbeel, Pieter and Levine, Sergey},
  booktitle={International conference on machine learning},
  pages={1861--1870},
  year={2018},
  organization={PMLR}
}

@article{ng2000algorithms,
  title={Algorithms for inverse reinforcement learning},
  author={Ng, Andrew Y and Russell, Stuart J and others},
  journal={Icml},
  volume={1},
  pages={2},
  year={2000}
}

@inproceedings{ho2016generative,
  title={Generative adversarial imitation learning},
  author={Ho, Jonathan and Ermon, Stefano},
  booktitle={Advances in neural information processing systems},
  pages={4565--4573},
  year={2016}
}

@article{ross2011reduction,
  title={A reduction of imitation learning and structured prediction to no-regret online learning},
  author={Ross, St{\'e}phane and Gordon, Geoffrey and Bagnell, Drew},
  journal={Proceedings of the fourteenth international conference on artificial intelligence and statistics},
  pages={627--635},
  year={2011}
}

@inproceedings{radford2019language,
  title={Language models are unsupervised multitask learners},
  author={Radford, Alec and Wu, Jeffrey and Child, Rewon and Luan, David and Amodei, Dario and Sutskever, Ilya and others},
  journal={OpenAI blog},
  volume={1},
  number={8},
  pages={9},
  year={2019}
}

@article{ziebart2008maximum,
  title={Maximum entropy inverse reinforcement learning},
  author={Ziebart, Brian D and Maas, Andrew L and Bagnell, J Andrew and Dey, Anind K and others},
  journal={Aaai},
  volume={8},
  pages={1433--1438},
  year={2008}
}

@inproceedings{lillicrap2015continuous,
  title={Continuous control with deep reinforcement learning},
  author={Lillicrap, Timothy P and Hunt, Jonathan J and Pritzel, Alexander and Heess, Nicolas and Erez, Tom and Tassa, Yuval and Silver, David and Wierstra, Daan},
  booktitle={International Conference on Learning Representations},
  year={2016}
}

@article{fujimoto2018addressing,
  title={Addressing function approximation error in actor-critic methods},
  author={Fujimoto, Scott and Hoof, Herke and Meger, David},
  journal={International conference on machine learning},
  pages={1587--1596},
  year={2018}
}

@inproceedings{kumar2019stabilizing,
  title={Stabilizing off-policy q-learning via bootstrapping error reduction},
  author={Kumar, Aviral and Fu, Justin and Soh, Matthew and Tucker, George and Levine, Sergey},
  booktitle={Advances in Neural Information Processing Systems},
  pages={11784--11794},
  year={2019}
}

@article{mnih2015human,
  title={Human-level control through deep reinforcement learning},
  author={Mnih, Volodymyr and Kavukcuoglu, Koray and Silver, David and Rusu, Andrei A and Veness, Joel and Bellemare, Marc G and Graves, Alex and Riedmiller, Martin and Fidjeland, Andreas K and Ostrovski, Georg and others},
  journal={nature},
  volume={518},
  number={7540},
  pages={529--533},
  year={2015},
  publisher={Nature Publishing Group}
}

@inproceedings{he2016deep,
  title={Deep residual learning for image recognition},
  author={He, Kaiming and Zhang, Xiangyu and Ren, Shaoqing and Sun, Jian},
  booktitle={Proceedings of the IEEE conference on computer vision and pattern recognition},
  pages={770--778},
  year={2016}
}

@article{kingma2014adam,
  title={Adam: A method for stochastic optimization},
  author={Kingma, Diederik P and Ba, Jimmy},
  journal={arXiv preprint arXiv:1412.6980},
  year={2014}
}