
@article{nwoye2022cholect50,
  title={CholecT50: An endoscopic image dataset for surgical action triplet recognition},
  author={Nwoye, Chinedu Innocent and Mutter, Didier and Marescaux, Jacques and Padoy, Nicolas},
  journal={Medical Image Analysis},
  volume={81},
  pages={102521},
  year={2022}
}

@article{mnih2015human,
  title={Human-level control through deep reinforcement learning},
  author={Mnih, Volodymyr and Kavukcuoglu, Koray and Silver, David and others},
  journal={Nature},
  volume={518},
  number={7540},
  pages={529--533},
  year={2015}
}

@article{ziebart2008maximum,
  title={Maximum entropy inverse reinforcement learning},
  author={Ziebart, Brian D and Maas, Andrew L and Bagnell, J Andrew and Dey, Anind K},
  booktitle={Proceedings of the AAAI Conference on Artificial Intelligence},
  year={2008}
}

@article{schulman2017proximal,
  title={Proximal policy optimization algorithms},
  author={Schulman, John and Wolski, Filip and Dhariwal, Prafulla and others},
  journal={arXiv preprint arXiv:1707.06347},
  year={2017}
}
